@COMMENT{ ==================================================================== }
@COMMENT{     This version of async.bib was generated on Wed, Jan 15, 2003     }
@COMMENT{             This version of async.bib contains 1650 items            }
@COMMENT{ ==================================================================== }

@COMMENT{ ==================================================================== }
@COMMENT{           BibTeX database file, for use with LaTeX/BibTeX            }
@COMMENT{ ==================================================================== }
@COMMENT{ database : asynchronous                                              }
@COMMENT{ e-mail   : async-bib(at)win.tue.nl                                   }
@COMMENT{ URL      : http://www.win.tue.nl/async-bib/doc/async.bib          }
@COMMENT{ URL      : http://www.win.tue.nl/async-bib/doc/async.html         }
@COMMENT{ URL      : http://www.win.tue.nl/async-bib/async.html             }
@COMMENT{ ==================================================================== }
@COMMENT{ author   : Ad Peeters                                                }
@COMMENT{ address  : Philips Research Laboratories                             }
@COMMENT{            Bldg. WL-01, Prof. Holstlaan 4                            }
@COMMENT{            5656 AA Eindhoven                                         }
@COMMENT{            The Netherlands                                           }
@COMMENT{ ==================================================================== }

@COMMENT{ ==================================================================== }
@COMMENT{                        Predefined journals                           }
@COMMENT{ ==================================================================== }

@STRING{cacm = "Communications of the ACM"}
@STRING{dc   = "Distributed Computing"}
@STRING{eatcs= "Bull. EATCS"}
@STRING{el   = "Electronics Letters"}
@STRING{fmsd = "Formal Methods in System Design"}
@STRING{faoc = "Formal Aspects of Computing"}
@STRING{ibmjrd= "IBM Journal of Research and Development"}
@STRING{ieicetf = "IEICE Transactions on Fundamentals of Electronics
                   Communications and Computer Sciences"}
@STRING{ieicetis= "IEICE Transactions on Information and Systems"}
@STRING{ieeproc = "Proceedings of the IEE"}
@STRING{ieepcds = "IEE Proceedings, Circuits, Devices and Systems"}
@STRING{ieepcdt = "IEE Proceedings, Computers and Digital Techniques"}
@STRING{ieeedt  = "IEEE Design \& Test of Computers"}
@STRING{ieeejssc= "IEEE Journal of Solid-State Circuits"}
@STRING{ieeeproc= "Proceedings of the IEEE"}
@STRING{ieeetas = "IEEE Transactions on Applied Superconductivity"}
@STRING{ieeetc  = "IEEE Transactions on Computers"}
@STRING{ieeetcad= "IEEE Transactions on Computer-Aided Design"}
@STRING{ieeetcsi= "IEEE Transactions on Circuits and Systems I:
                   Fundamental Theory and Applications"}
@STRING{ieeetec = "IEEE Transactions on Electronic Computers"}
@STRING{ieeetsp = "IEEE Transactions on Signal Processing"}
@STRING{ieeevlsi= "IEEE Transactions on VLSI Systems"}
@STRING{integration= "Integration, the VLSI journal"}
@STRING{ije  = "Int. Journal Electronics"}
@STRING{ipl  = "Information Processing Letters"}
@STRING{jacm = "Journal of the ACM"}
@STRING{jetta= "Journal of Electronic Testing: Theory and Applications"}
@STRING{jcss = "Journal of Computer and System Sciences"}
@STRING{tcca = "IEEE Technical Committee on Computer Architecture Newsletter"}
@STRING{tcs  = "Theoretical Computer Science"} 
@STRING{vlsisp= "Journal of VLSI Signal Processing"}

@COMMENT{ ==================================================================== }
@COMMENT{                       Predefined publishers                          }
@COMMENT{ ==================================================================== }

@STRING{ap   = "Academic Press"}
@STRING{aw   = "Addison-Wesley"} 
@STRING{csp  = "Computer Science Press"}
@STRING{cwi  = "CWI"}   
@STRING{dimes= "Delft Institute of Microelectronics and Submicron Technology"}   
@STRING{esp  = "Elsevier Science Publishers"}
@STRING{icsp = "IEEE Computer Society Press"}
@STRING{ieee = "IEEE Press"}
@STRING{ios  = "IOS Press"}
@STRING{kap  = "Kluwer Academic Publishers"}
@STRING{mit  = "MIT Press"}
@STRING{mkp  = "Morgan Kaufmann Publishers, Inc."}
@STRING{ph   = "Prentice-Hall"}
@STRING{springer= "Springer-Verlag"}
@STRING{wiley= "John Wiley \& Sons"}

@COMMENT{ ==================================================================== }
@COMMENT{                       Predefined series                              }
@COMMENT{ ==================================================================== }

@STRING{caltech= "California Institute of Technology"}
@STRING{csn  = "Computing Science Notes"}
@STRING{eut  = "Dept. of Math. and C.S., Eindhoven Univ. of Technology"}
@STRING{ifip = "IFIP Transactions"}
@STRING{lncs = "Lecture Notes in Computer Science"}
@STRING{mctracts= "Mathematical Centre Tracts"}
@STRING{mcu  ="Department of Computer Science, University of Manchester"}
@STRING{southbank= "School of Computing, Information Systems and
  Mathematics, South Bank University, London"}
@STRING{su   = "Stanford University"}
@STRING{ucb  = "U.C. Berkeley"}
@STRING{ucd  = "University of California, Davis"}
@STRING{upc  = "Universitat Polit{\`e}cnica de Catalunya"}
@STRING{utah = "The University of Utah"}
@STRING{utahcs = "Dept. of Computer Science, University of Utah"}
@STRING{waterloo-cs = "Department of Computer Science, 
  University of Waterloo, Waterloo, Ontario, Canada"}
@STRING{waterloo-ece = "Department of Electrical and Computer Engineering, 
  University of Waterloo, Waterloo, Ontario, Canada"}
@STRING{wic  = "Workshops in Computing"}

@COMMENT{ ==================================================================== }
@COMMENT{               Predefined conference proceedings                      }
@COMMENT{ ==================================================================== }

@STRING{acsd  = "Int. Conf. on Application of Concurrency to System Design"}
@STRING{adm   = "Asynchronous Design Methodologies"}
@STRING{aint  = "Asynchronous Interfaces: Tools, Techniques, and Implementations"}
@STRING{apchdl= "Asia-Pacific Conference on Hardware Description Languages
                 (APCHDL)"}
@STRING{arvlsi= "Advanced Research in VLSI"}
@STRING{aspdac= "Proc. of Asia and South Pacific Design Automation Conference"}
@STRING{async = "Proc. International Symposium on Advanced Research in
                 Asynchronous Circuits and Systems"}
@STRING{atpn  = "Proc. of the International Conference on Application and
		 Theory of Petri Nets"}
@STRING{ats   = "Proc. of the Asian Test Symposium"}
@STRING{cav   = "Proc. International Workshop on Computer Aided Verification"}
@STRING{custom= "Proc. IEEE Custom Integrated Circuits Conference"}
@STRING{dac   = "Proc. ACM/IEEE Design Automation Conference"}
@STRING{date  = "Proc. Design, Automation and Test in Europe (DATE)"}
@STRING{dcc   = "Designing Correct Circuits"}
@STRING{edac  = "Proc. European Conference on Design Automation (EDAC)"}
@STRING{edtc  = "Proc. European Design and Test Conference"}
@STRING{esdlpd= "European Low Power Initiative for Electronic System Design"}
@STRING{esscirc="Proc. European Solid-State Circuits Conference (ESSCIRC)"}
@STRING{eurodac="Proc. European Design Automation Conference (EURO-DAC)"}
@STRING{ftcs  = "International Symposium on Fault-Tolerant Computing (FTCS)"}
@STRING{glsvlsi="Proc. of the Great Lakes Symposium on VLSI"}
@STRING{hicss = "Proc. Hawaii International Conf. System Sciences"}
@STRING{hwpn  = "Proc. of the Workshop Hardware Design and {Petri} Nets
                 (within the International Conference on Application and
		 Theory of Petri Nets)"}
@STRING{iccad = "Proc. International Conf. Computer-Aided Design (ICCAD)"}
@STRING{iccd  = "Proc. International Conf. Computer Design (ICCD)"}
@STRING{icecs = "IEEE International Conference on Electronics, Circuits and 
                 Systems"}
@STRING{icpp  = "Proc. International Conference on Parallel Processing"}
@STRING{iscas = "Proc. International Symposium on Circuits and Systems"}
@STRING{ishls = "Proc. International Symposium on High-Level Synthesis"}
@STRING{ismvl = "Proc. IEEE International Symposium on Multiple-Valued Logic"}
@STRING{isqed = "Proc. of the International Symposium on Quality Electronic
                 Design (ISQED)"}
@STRING{isscc = "International Solid State Circuits Conference"}
@STRING{islped= "International Symposium on Low Power Electronics and Design"}
@STRING{itc   = "Proc. International Test Conference"}
@STRING{ivlsi = "Proc. International Conference on VLSI Design"}
@STRING{iwls  = "Proc. International Workshop on Logic Synthesis"}
@STRING{midwest="Proc. of the Midwest Symposium on Circuits and Systems"}
@STRING{patmos= "Power and Timing Modeling, Optimization and Simulation
                 (PATMOS)"}
@STRING{prorisc="Proc. of the {IEEE/ProRISC} Symposium on Circuits,
                 Systems and Signal Processing"}
@STRING{ssat  = "Annual Symposium on Switching and Automata Theory"}
@STRING{tau   = "Proc. International Workshop on Timing Issues in the
                 Specification and Synthesis of Digital Systems (TAU)"}
@STRING{vts   = "Proc. IEEE VLSI Test Symposium"}

@STRING{ta = "(To appear)"}

@COMMENT{ ==================================================================== }
@COMMENT{                     Reference to async.bib                           }
@COMMENT{ ==================================================================== }

@INPROCEEDINGS{ alur92hybrid,
    author = "Rajeev Alur and Costas Courcoubetis and Thomas A. Henzinger and Pei-Hsin Ho",
    title = "Hybrid Automata: An Algorithmic Approach to the Specification and Verification of Hybrid Systems",
    booktitle = "Hybrid Systems",
    pages = "209-229",
    year = "1992",
    url = "citeseer.nj.nec.com/alur92hybrid.html" }

@ARTICLE{ alur95algorithmic,
    author = "R. Alur and C. Courcoubetis and N. Halbwachs and T. A. Henzinger and P.-H. Ho and X. Nicollin and A. Olivero and J. Sifakis and S. Yovine",
    title = "The algorithmic analysis of hybrid systems",
    journal = "Theoretical Computer Science",
    volume = "138",
    number = "1",
    pages = "3--34",
    year = "1995",
    url = "citeseer.nj.nec.com/alur95algorithmic.html" }

@ARTICLE{Balduzzi2001,
  author = "F. Balduzzi and A. Di Febbraro and A. Giua and C. Seatzu",
  title  = "Decidability results in First-Order Hybrid Petri Nets",
  journal= "Discrete Event Dynamic Systems: Theory and Applications",
  volume = 11,
  pages  = "41--57",
  month  = jan,
  year   = 2001 }

@ARTICLE{Belluomini2000,
  author = "W. Belluomini and C.~J. Myers",
  title  = "Timed State Space Exploration using POSETS",
  journal= ieeetcad,
  volume = 19,
  number = 5,
  pages = "501--520",
  month  = may,
  year   = 2000 }

@ARTICLE{Belluomini2001,
  author = "W. Belluomini and C.~J. Myers",
  title  = "Timed Circuit Verification Using TEL Structures",
  journal= ieeetcad,
  volume = 20,
  number = 1,
  pages = "129--146",
  month  = jan,
  year   = 2001 }

@ARTICLE{Chen2001,
  author = "H. Chen and H.-M. Hanisch",
  title  = "Analysis of Hybrid Systems Based on Hybrid Net Condition/Event System Model",
  journal= "Discrete Event Dynamic Systems: Theory and Applications",
  volume = 11,
  pages  = "163--185",
  month  = jan,
  year   = 2001 }

@ARTICLE{David2001,
  author = "R. David and H. Alla",
  title  = "On Hybrid Petri Nets",
  journal= "Discrete Event Dynamic Systems: Theory and Applications",
  volume = 11,
  pages  = "9--40",
  month  = jan,
  year   = 2001 }

@INPROCEEDINGS{Dill:TIME,
AUTHOR = "D. L. Dill",
TITLE = "Timing Assumptions and Verification of Finite-State Concurrent 
Systems",
BOOKTITLE="Proceedings of the Workshop on Automatic Verification Methods
for Finite-State Systems",
YEAR = 1989,
}

@inproceedings{Ghosh1999,
    author = "A. Ghosh and R. Vemuri",
    title = "Formal Verification of Synthesized Analog Designs",
    pages = "40--45",
    booktitle = "International Conference on Computer Design",
    year = 1999}

@INPROCEEDINGS{ Hartong2002a,
  author = "W. Hartong and L. Hedrich and E. Barke",
  title = "Model Checking Algorithms for Analog Verification",
  booktitle="Design Automation Conference",
  year = 2002,
  pages = "542--547" }

@INPROCEEDINGS{ Hartong2002b,
  author = "W. Hartong and L. Hedrich and E. Barke",
  title = "On Discrete Modeling and Model Checking for Nonlinear Analog Systems",
  booktitle="Computer Aided Verification.  14th International Conference",
  year = 2002,
  pages = "401--413"}

@BOOK{Myers2001b,
  author = "Chris Myers",
  title  = "Asynchronous Circuit Design",
  html   = "http://www.wiley.com/cda/product/0,,047141543X,00.html",
  publisher= wiley,
  year   = 2001 }

@INPROCEEDINGS{Rokicki:CAV94,
AUTHOR="T. G. Rokicki and C. J. Myers",
TITLE="Automatic Verificaton of Timed Circuits",
BOOKTITLE="International Conference on Computer-Aided Verification",
PUBLISHER = "Springer-Verlag",
YEAR = 1994,
PAGES = {468-480}
}

@ARTICLE{Tuffin2001,
  author = "B. Tuffin and D. S. Chen and K. S. Trivedi",
  title  = "Comparison of Hybrid Systems and Fluid Stochastic Petri Nets", 
  journal= "Discrete Event Dynamic Systems: Theory and Applications",
  volume = 11,
  pages  = "77--95",
  month  = jan,
  year   = 2001 }

@ARTICLE{Yoneda97b,
AUTHOR = "T. Yoneda and B. Schlingloff",
TITLE = "Efficient Verification of Parallel Real-Time Systems",
EDITOR = "Costas Courcoubetis",
JOURNAL = "Formal Methods in System Design",
PUBLISHER = "Kluwer",
YEAR = 1997
}
